@article{Estevez2011,
	title = {Guidelines on validation procedures for meteorological data from automatic weather stations},
	journal = {Journal of Hydrology},
	volume = {402},
	number = {1},
	pages = {144-154},
	year = {2011},
	issn = {0022-1694},
	doi = {https://doi.org/10.1016/j.jhydrol.2011.02.031},
	url = {https://www.sciencedirect.com/science/article/pii/S0022169411001594},
	author = {J. Estévez and P. Gavilán and J.V. Giráldez},
	keywords = {Quality control, Validation, Agrometeorology, Weather network},
}

@article{Lembrechts2021,
	author = {Lembrechts, Jonas J. and Lenoir, Jonathan and R. Scheffers, Brett and De Frenne, Pieter},
	title = {Designing countrywide and regional microclimate networks},
	journal = {Global Ecology and Biogeography},
	volume = {30},
	number = {6},
	pages = {1168-1174},
	keywords = {biogeography, climate change, data loggers, location selection, microclimate, microweather, sensors, temperature},
	doi = {https://doi.org/10.1111/geb.13290},
	url = {https://onlinelibrary.wiley.com/doi/abs/10.1111/geb.13290},
	eprint = {https://onlinelibrary.wiley.com/doi/pdf/10.1111/geb.13290},
	year = {2021}
}

@Article{Hachimi2023,
	Author = {Hachimi, Chouaib El and Belaqziz, Salwa and Khabba, Saïd and Sebbar, Badreddine and Dhiba, Driss and Chehbouni, Abdelghani},
	Title = {Smart Weather Data Management Based on Artificial Intelligence and Big Data Analytics for Precision Agriculture},
	Journal = {Agriculture},
	Volume = {13},
	Year = {2023},
	Number = {1},
	Article-Number = {95},
	url = {https://www.mdpi.com/2077-0472/13/1/95},
	issn = {2077-0472},
	doi = {10.3390/agriculture13010095}
}

@Manual{R2024,
	title = {R: A Language and Environment for Statistical Computing},
	author = {{R Core Team}},
     	organization = {R Foundation for Statistical Computing},
     	address = {Vienna, Austria},
     	year = {2024},
     	url = {https://www.R-project.org/},
}

@article{Dahl2023,
	author = {Dahl, Mathilde Borg and Kreyling, Juergen and Petters, Sebastian and Wang, Haitao and Mortensen, Martin Steen and Maccario, Lorrie and Sørensen, Søren J. and Urich, Tim and Weigel, Robert},
	title = {Warmer winters result in reshaping of the European beech forest soil microbiome (bacteria, archaea and fungi)—With potential implications for ecosystem functioning},
	journal = {Environmental Microbiology},
	volume = {25},
	number = {6},
	pages = {1118-1135},
	doi = {https://doi.org/10.1111/1462-2920.16347},
	url = {https://enviromicro-journals.onlinelibrary.wiley.com/doi/abs/10.1111/1462-2920.16347},
	eprint = {https://enviromicro-journals.onlinelibrary.wiley.com/doi/pdf/10.1111/1462-2920.16347},
	year = {2023}
}


@article{Nikolaou2023,
	title = {Improved daily estimates of relative humidity at high resolution across Germany: A random forest approach},
	journal = {Environmental Research},
	volume = {238},
	pages = {117173},
	year = {2023},
	issn = {0013-9351},
	doi = {https://doi.org/10.1016/j.envres.2023.117173},
	url = {https://www.sciencedirect.com/science/article/pii/S0013935123019771},
	author = {Nikolaos Nikolaou and Laurens M. Bouwer and Marco Dallavalle and Mahyar Valizadeh and Massimo Stafoggia and Annette Peters and Kathrin Wolf and Alexandra Schneider},
	keywords = {Relative humidity, Spatiotemporal modeling, Machine learning, External validation, Exposure assessment, Environmental epidemiology},
}

@article{Wu2023,
    author = {Wu, Carrie and Powers, John M and Hopp, David Z and Campbell, Diane R},
    title = "{Effects of experimental warming on floral scent, display and rewards in two subalpine herbs}",
    journal = {Annals of Botany},
    pages = {mcad195},
    year = {2023},
    month = {12},
    issn = {0305-7364},
    doi = {10.1093/aob/mcad195},
    url = {https://doi.org/10.1093/aob/mcad195},
    eprint = {https://academic.oup.com/aob/advance-article-pdf/doi/10.1093/aob/mcad195/55122486/mcad195.pdf},
}

@article{Pickering1994,
	author = {Pickering, N. B. and Hansen, J. W. and Jones, J. W. and Wells, C. M. and Chan, V. K. and Godwin, D. C.},
	title = {WeatherMan: A Utility for Managing and Generating Daily Weather Data},
	journal = {Agronomy Journal},
	volume = {86},
	number = {2},
	pages = {332-337},
	doi = {https://doi.org/10.2134/agronj1994.00021962008600020023x},
	url = {https://acsess.onlinelibrary.wiley.com/doi/abs/10.2134/agronj1994.00021962008600020023x},
	eprint = {https://acsess.onlinelibrary.wiley.com/doi/pdf/10.2134/agronj1994.00021962008600020023x},
}

@article{Sparks2018, 
	doi = {10.21105/joss.01035}, 
	url = {https://doi.org/10.21105/joss.01035}, 
	year = {2018}, 
	publisher = {The Open Journal}, 
	volume = {3}, number = {30}, 
	pages = {1035}, 
	author = {Adam H. Sparks}, 
	title = {nasapower: A NASA POWER Global Meteorology, Surface Solar Energy and Climatology Data Client for R}, 
	journal = {Journal of Open Source Software} 
}

@Manual{Chamberlain2023,
  	author = {Scott Chamberlain and Daniel Hocking},		 
	title = {rnoaa: 'NOAA' Weather Data from R},
  	year = {2024},
  	note = {R package version 1.4.0, 
	https://github.com/ropensci/rnoaa (devel)},
  	url = {https://docs.ropensci.org/rnoaa/ (docs)},
}
